@article{ott,
  author = {Peter Sewell and Zappa Nardelli, Francesco and Scott Owens and Gilles Peskine and Thomas Ridge and Susmit Sarkar and Rok {Strni\v sa}},
  title = {Ott: Effective Tool Support for the Working Semanticist},
  OPTjournal = {Journal of Functional Programming},
  journal = {JFP},
  volume = 20,
  number = {1},
  month = jan,
  year = 2010}

@inproceedings{C++,
  author = {Mark Batty and Scott Owens and Susmit Sarkar and Peter Sewell and Tjark Weber},
  title = {Mathematizing {C++} Concurrency},
  booktitle = {POPL 2011},
  pages = {55--66},
  publisher = {ACM},
  year = 2011}


@Misc{HOL,
  key =          {HOL},
  title =        {The {HOL 4} System, {K}ananaskis-6 release},
  year =      {2011},
  note =         {\url{http://hol.sourceforge.net/}}
}

@Misc{HOLlight,
  key =          {HOLlight},
  author =       {John Harrison},
  title =        {{HOL Light}},
  year =      {2011},
  note =         {\url{http://www.cl.cam.ac.uk/~jrh13/hol-light/}}
}


@Misc{PVS,
  key =          {PVS},
  title =        {{PVS 5.0}},
  year =      {2011},
  note =         {\url{http://pvs.csl.sri.com/}}
}

@Misc{ACL2,
  key =          {ACL2},
  title =        {{ACL2 Version 4.2}},
  year =      {2011},
  note =         {\url{http://www.cs.utexas.edu/~moore/acl2/}}
}

@Misc{Coq,
  key =          {Coq},
  title =        {The {C}oq proof assistant, v.8.3},
  year =      {2011},
  note =         {\url{http://coq.inria.fr/}}
}


@Misc{Isabelle,
  key =          {Isabelle},
  title =        {Isabelle 2011},
  year =      {2011},
  note =         {\url{http://isabelle.in.tum.de/}}
}


@Misc{Twelf,
  key =          {Twelf},
  title =        {{Twelf} 1.5},
  year =      {2011},
  note =         {\url{http://twelf.plparty.org/wiki/Main_Page}}
}

@Misc{ocaml,
  key =          {OCaml},
  title =        {The {Caml} Language},
  year =      {2011},
  note =         {\url{http://caml.inria.fr/}}
}

@InProceedings{ljam,
  author =       {Rok {Strni\v sa} and Peter Sewell and Matthew Parkinson},
  title =        {The {J}ava {M}odule {S}ystem: core design and semantic definition},
  year =      {2007},
  booktitle =         {OOPSLA 2007},
  publisher = {ACM},
  pages = {499--514}
}


@InProceedings{ocamllightesop,
  author =       {Scott Owens},
  title =        {A Sound Semantics for {OCaml$_{\emph{light}}$}},
  series    = {LNCS},
  volume    = {4960},
  booktitle =    {ESOP 2008},
  pages = {1--15},
  publisher = {Springer},
  editor    = {Sophia Drossopoulou},
  year =         {2008},
}

@InProceedings{TCP:paper,
  author =       {Steven Bishop and Matthew Fairbairn and Michael Norrish and
Peter Sewell and Michael Smith and Keith Wansbrough},
  title =        {Rigorous specification and conformance testing techniques for network protocols, as applied to {TCP}, {UDP}, and {S}ockets},
  year =         {2005},
  booktitle =    {SIGCOMM 2005},
  publisher = {ACM},
  pages = {265--276}
}

@InProceedings{TCP:techpaper,
  author =       {Steven Bishop and Matthew Fairbairn and Michael Norrish and
Peter Sewell and Michael Smith and Keith Wansbrough},
  title =        {Engineering with Logic: {HOL} Specification and Symbolic-Evaluation Testing for {TCP} Implementations},
  year =         {2006},
  booktitle =    {POPL 2006}
}

@InProceedings{BDJRS06,
  author =       {Adam Biltcliffe and Michael Dales and Sam Jansen and Thomas Ridge and Peter Sewell},
  title =        {Rigorous Protocol Design in Practice: An Optical Packet-Switch {MAC} in {HOL}},
  booktitle =    {ICNP 2006},
  pages = {117--126},
  year =         {2006},
  publisher = {IEEE}
}

@inproceedings{x86popl,
  author = {Susmit Sarkar and Peter Sewell and Zappa Nardelli, Francesco and Scott Owens and Tom Ridge and Thomas Braibant and Magnus O. Myreen and Jade Alglave},
  title = {The Semantics of x86 Multiprocessor Machine Code},
  booktitle = {POPL 2009},
  publisher = {ACM},
  pages = {379--391},
  year = 2009}

@InProceedings{damp09,
  author =       {Jade Alglave and Anthony Fox and Samin Ishtiaq and Magnus O. Myreen and Susmit Sarkar and Peter Sewell and Zappa Nardelli, Francesco},
  title =        {The Semantics of {Power} and {ARM} Multiprocessor Machine Code},
  year =         {2009},
  booktitle =    {DAMP 2009: Workshop on
Declarative Aspects of Multicore Programming}
}

@inproceedings{tphols09,
  author = {Scott Owens and Susmit Sarkar and Peter Sewell},
  title = {A Better x86 Memory Model: {x86-TSO}},
  booktitle = {TPHOLs 2009},
  year = 2009,
  series = {LNCS},
  volume = 5674}

@InProceedings{poplmark,
  AUTHOR = {Brian E. Aydemir and Aaron Bohannon and Matthew Fairbairn
                  and J. Nathan Foster and Benjamin C. Pierce and Peter
                  Sewell and Dimitrios Vytiniotis and Geoffrey Washburn and
                  Stephanie Weirich and Steve Zdancewic},
  TITLE = {Mechanized metatheory for the masses: {T}he {POPL}mark
                  {C}hallenge},
  YEAR = 2005,
  booktitle =    {TPHOLs 2005},
  series= {LNCS},
  volume=3603
}

@InProceedings{Ctso,
  author =       {Jaroslav \Sevcik and Viktor Vafeiadis and Zappa Nardelli, Francesco  and Suresh Jagannathan and Peter Sewell},
  title =        {Relaxed-Memory Concurrency and Verified Compilation},
  booktitle =    {POPL 2011},
  publisher = {ACM},
  pages = {43--54},
  year =         {2011}
}

@inproceedings{pldi11,
  author = {Susmit Sarkar and Peter Sewell and Jade Alglave and Luc Maranget and Derek Williams},
  title = {Understanding {POWER} Multiprocessors},
  year = 2011,
  publisher = {ACM},
  booktitle = {PLDI 2011},
  note = {To appear}
  }

@article{church40,
author = {Alonzo Church},
title = {A Formulation of the Simple Theory of Types},
journal = {The Journal of Symbolic Logic},
volume = 5,
number = 2,
month = jun,
year = 1940}

@book{haskell,
title = {Haskell 98 Language and Libraries: the Revised Report},
editor = {Peyton Jones, Simon},
publisher = {Cambridge University Press},
year = 2003}

@misc{fsharp,
key={F\texttt{\#}},
title={{F\texttt{\#}}},
year=2011,
note={\url{http://msdn.microsoft.com/en-us/fsharp}}}

@inproceedings{anthonyARM,
  author    = {Anthony C. J. Fox and
               Magnus O. Myreen},
  title     = {A Trustworthy Monadic Formalization of the {ARMv7} Instruction
               Set Architecture},
  booktitle = {ITP 2010},
  volume    = {6172},
  series = {LNCS},
  year      = {2010},
  pages={243--258},
  editor = {Matt Kaufmann and Lawrence C. Paulson},
  publisher = {Springer}
}


@InProceedings{RNS08,
  author =       {Tom Ridge and Michael Norrish and Peter Sewell},
  title =        {A rigorous approach to networking: {TCP}, from implementation to protocol to service},
  OPTcrossref =  {},
  OPTkey =       {},
  OPTbooktitle =    {Proc.~FM'08: 15th International Symposium on Formal Methods (Turku, Finland), LNCS 5014},
booktitle = {FM '08},
  OPTbooktitle =    {Proc.~FM'08, LNCS 5014},
series = {LNCS},
volume=5014,
  pages =        {294--309},
  year =         2008,
  OPTeditor =    {},
  OPTvolume =    {},
  OPTnumber =    {},
  OPTseries =    {},
  OPTaddress =   {},
  OPTmonth =        may,
  OPTorganization = {},
  OPTpublisher = {},
  OPTnote =         {To appear},
  OPTannote =    {},
  publisher = {Springer},
  editor = {Jorge Cu{\'e}llar and T. S. E. Maibaum and Kaisa Sere}
}

@inproceedings{PPDP11,
  author = {Jasmin Christian Blanchette and Tjark Weber and Mark Batty and Scott Owens and Susmit Sarkar},
  title = {Nitpicking {C++} Concurrency},
  booktitle = {PPDP 2011},
  publisher={ACM},
  note = {To appear},
  year = 2011}


