@inproceedings{developmentOfC,
 author = {Ritchie, Dennis M.},
 title = {{The development of the C language}},
 booktitle = {HOPL-II: The second ACM SIGPLAN conference on History of programming languages},
 year = {1993},
 isbn = {0-89791-570-4},
 pages = {201--208},
 location = {Cambridge, Massachusetts, United States},
 doi = {http://doi.acm.org/10.1145/154766.155580},
 publisher = {ACM},
 address = {New York, NY, USA},
}

@String{pub-ANSI                = "American National Standards Institute"}
@String{pub-ANSI:adr            = "1430 Broadway, New York, NY 10018, USA"}

@book{ansiC,
 author = {American National Standards Institute},
 title =        {{American National Standard for Information Systems ---  Programming Languages -- C: ANSI X3.159-1989}},
 publisher =    pub-ANSI,
 address =      pub-ANSI:adr,
 pages =        "219 + vi + 119",
 year =         "1989",
}

@TechReport{norrishPhd,
 author =   {Norrish, Michael},
 title =    {{C formalised in HOL}},
 year =   1998,
 month =    dec,
 url =    {http://www.cl.cam.ac.uk/techreports/UCAM-CL-TR-453.pdf},
 institution =  {University of Cambridge, Computer Laboratory},
 number =   {UCAM-CL-TR-453}
}

@inproceedings{codeGeneration,
  author =      {Florian Haftmann and Tobias Nipkow},
  title =       {Code Generation via Higher-Order Rewrite Systems},
  booktitle =   {Functional and Logic Programming: 10th International Symposium: FLOPS 2010},
  year =        2010,
  publisher =   {Springer},
  series =      {Lecture Notes in Computer Science},
  editor =      {Matthias Blume and Naoki Kobayashi and Germ{\'a}n Vidal},
  volume =      {6009}
}

@inproceedings{cil,
 author = {Necula, George C. and McPeak, Scott and Rahul, Shree Prakash and Weimer, Westley},
 title = {{CIL: Intermediate Language and Tools for Analysis and Transformation of C Programs}},
 booktitle = {CC '02: Proceedings of the 11th International Conference on Compiler Construction},
 year = {2002},
 isbn = {3-540-43369-4},
 pages = {213--228},
 publisher = {Springer-Verlag},
 address = {London, UK},
 }

@Techreport{cpp,
 author = {Batty, Mark and Owens, Scott and Sewell, Peter and Sarkar, Susmit and Weber, Tjark},
 title = {{Mathematizing C++ Concurrency: The Post-Rapperswil Model}},
 year = 2010,
 month = sep,
 url = {http://www.cl.cam.ac.uk/~pes20/cpp/tech.pdf},
 institution = {University of Cambridge, Computer Laboratory},
 number = {N3132=10-0122, Revision 5190},
}

@Book{isabelle,
  author  = {Tobias Nipkow and Lawrence C. Paulson and Markus Wenzel},
  title   = {Isabelle/HOL --- A Proof Assistant for Higher-Order Logic},
  publisher = {Springer},
  series  = {LNCS},
  volume  = 2283,
  year    = 2002,
}

